<?xml version="1.0" encoding="UTF-8"?>
<collection xmlns:xsi="http://www.w3.org/2001/XMLSchema-instance" xsi:schemaLocation="http://www.loc.gov/MARC21/slim http://www.loc.gov/standards/marcxml/schema/MARC21slim.xsd" xmlns="http://www.loc.gov/MARC21/slim">
<record>
  <leader>01314cam a2200289 u 4500</leader>
  <controlfield tag="001">647445</controlfield>
  <controlfield tag="003">NNC</controlfield>
  <controlfield tag="005">20100307233042.0</controlfield>
  <controlfield tag="008">880509s1912    ua |||||||||||||||||ara||</controlfield>
  <datafield tag="035" ind1=" " ind2=" ">
    <subfield code="a">(OCoLC)62398359</subfield>
  </datafield>
  <datafield tag="035" ind1=" " ind2=" ">
    <subfield code="a">(OCoLC)ocm62398359</subfield>
  </datafield>
  <datafield tag="035" ind1=" " ind2=" ">
    <subfield code="a">(CStRLIN)NYCG88-B33021</subfield>
  </datafield>
  <datafield tag="035" ind1=" " ind2=" ">
    <subfield code="9">ACV4507CU</subfield>
  </datafield>
  <datafield tag="035" ind1=" " ind2=" ">
    <subfield code="a">(NNC)647445</subfield>
  </datafield>
  <datafield tag="100" ind1="1" ind2="0">
    <subfield code="a">Fayyūmī, Aḥmad ibn Muḥammad,</subfield>
    <subfield code="d">d. ca. 1368.</subfield>
  </datafield>
  <datafield tag="240" ind1="1" ind2="0">
    <subfield code="a">Misbah al-munir</subfield>
  </datafield>
  <datafield tag="245" ind1="1" ind2="0">
    <subfield code="a">Kitab al-miṣbāḥ al-munīr fī gharīb al-sharḥ al-kabīr lil-Rāfiʻī /</subfield>
    <subfield code="c">ta'līf Aḥmad ibn Muḥammad ibn ʻAlī al-Muqri' al-Fayyūmī.</subfield>
  </datafield>
  <datafield tag="250" ind1=" " ind2=" ">
    <subfield code="a">3rd. ed.</subfield>
  </datafield>
  <datafield tag="260" ind1="0" ind2=" ">
    <subfield code="a">Misr :</subfield>
    <subfield code="b">al-Matbaʻah al-Amiriyah bi-Misr,</subfield>
    <subfield code="c">1912.</subfield>
  </datafield>
  <datafield tag="300" ind1=" " ind2=" ">
    <subfield code="a">2 v. in 1 (1102 p.)</subfield>
  </datafield>
  <datafield tag="500" ind1=" " ind2=" ">
    <subfield code="a">Text partially vocalized.</subfield>
  </datafield>
  <datafield tag="500" ind1=" " ind2=" ">
    <subfield code="a">A dictionary based on the vocabulary used by Rāfiʻī in his commentary, entitled Fatḥ al-ʻAzīz, on Ghazzālī's al-Wajīz.</subfield>
  </datafield>
  <datafield tag="504" ind1=" " ind2=" ">
    <subfield code="a">Includes bibliographic references.</subfield>
  </datafield>
  <datafield tag="600" ind1="1" ind2="0">
    <subfield code="a">Rāfiʻī, ʻAbd al-Karīm ibn Muḥammad,</subfield>
    <subfield code="d">1162-1226.</subfield>
    <subfield code="t">Fatḥ al-ʻAzīz.</subfield>
  </datafield>
  <datafield tag="600" ind1="1" ind2="0">
    <subfield code="a">Rāfiʻī, ʻAbd al-Karīm ibn Muḥammad,</subfield>
    <subfield code="d">1162-1226</subfield>
    <subfield code="x">Dictionaries, indexes, etc.</subfield>
  </datafield>
  <datafield tag="650" ind1=" " ind2="0">
    <subfield code="a">Islamic law</subfield>
    <subfield code="x">Dictionaries</subfield>
    <subfield code="x">Arabic</subfield>
    <subfield code="x">Early works to 1800.</subfield>
  </datafield>
  <datafield tag="700" ind1="1" ind2="1">
    <subfield code="a">Rāfiʻī, ʻAbd al-Karīm ibn Muḥammad,</subfield>
    <subfield code="d">1162-1226.</subfield>
    <subfield code="t">Fatḥ al-ʻAzīz.</subfield>
  </datafield>
  <datafield tag="955" ind1=" " ind2=" ">
    <subfield code="b">CU10657371</subfield>
    <subfield code="d">off,glx</subfield>
    <subfield code="e">ME06577</subfield>
  </datafield>
</record>
</collection>